<?xml version="1.0" encoding="UTF-8"?><collection xmlns="http://www.loc.gov/MARC21/slim"><record><leader>00435nam--2200169-i-4500</leader><controlfield tag="001">000045022</controlfield><controlfield tag="002">20161230</controlfield><controlfield tag="005">20161230201044</controlfield><controlfield tag="008">060222s1000------------r-----000-0-eng-d</controlfield><datafield ind1=" " ind2=" " tag="040"><subfield code="a">IFIN-HH</subfield></datafield><datafield ind1=" " ind2=" " tag="080"><subfield code="a">535.82</subfield></datafield><datafield ind1="1" ind2=" " tag="100"><subfield code="a">Tolansky, S</subfield></datafield><datafield ind1="1" ind2="0" tag="245"><subfield code="a">Multiple-beam interference microscopy of metals</subfield><subfield code="c">S. tolansky</subfield></datafield><datafield ind1=" " ind2=" " tag="260"><subfield code="a">LONDON</subfield><subfield code="b">Academic Press</subfield><subfield code="c">1970</subfield></datafield><datafield ind1=" " ind2=" " tag="300"><subfield code="a">IX+147P</subfield></datafield><datafield ind1=" " ind2=" " tag="852"><subfield code="a">36376</subfield><subfield code="c">535</subfield></datafield><datafield ind1=" " ind2=" " tag="CAT"><subfield code="a">Sys</subfield><subfield code="c">20101102</subfield><subfield code="h">085106</subfield></datafield></record></collection>